
@article{loiacono2013simulated,
  title={Simulated car racing championship: Competition software manual},
  author={Loiacono, Daniele and Cardamone, Luigi and Lanzi, Pier Luca},
  journal={arXiv preprint arXiv:1304.1672},
  year={2013}
}